<record><leader>01529pam a2200397 i 4500</leader><controlfield tag="001">6790454</controlfield><controlfield tag="003">OCoLC</controlfield><controlfield tag="005">20150119105443.0</controlfield><controlfield tag="008">140613s2015    mdu      b    001 0deng  </controlfield><datafield ind1=" " ind2=" " tag="010"><subfield code="a">  2014023320</subfield></datafield><datafield ind1=" " ind2=" " tag="020"><subfield code="a">9780810884120 (cloth : alk. paper)</subfield></datafield><datafield ind1=" " ind2=" " tag="020"><subfield code="a">0810884127 (cloth : alk. paper)</subfield></datafield><datafield ind1=" " ind2=" " tag="020"><subfield code="z">9780810884137 (ebook)</subfield></datafield><datafield ind1=" " ind2=" " tag="020"><subfield code="z">0810884135 (ebook)</subfield></datafield><datafield ind1=" " ind2=" " tag="035"><subfield code="a">ocn774500507</subfield></datafield><datafield ind1=" " ind2=" " tag="040"><subfield code="a">DLC</subfield><subfield code="b">eng</subfield><subfield code="e">rda</subfield><subfield code="c">DLC</subfield><subfield code="d">BTCTA</subfield><subfield code="d">OCLCO</subfield><subfield code="d">TDF</subfield><subfield code="d">YDXCP</subfield><subfield code="d">UAB</subfield><subfield code="d">AEU</subfield></datafield><datafield ind1=" " ind2=" " tag="042"><subfield code="a">pcc</subfield></datafield><datafield ind1=" " ind2=" " tag="043"><subfield code="a">n-us---</subfield></datafield><datafield ind1="0" ind2="0" tag="050"><subfield code="a">ML421.M426</subfield><subfield code="b">S65 2015</subfield></datafield><datafield ind1="0" ind2="0" tag="082"><subfield code="a">782.42166092</subfield><subfield code="2">23</subfield></datafield><datafield ind1=" " ind2=" " tag="090"><subfield code="a">ML 421 M426 S65 2015</subfield><subfield code="b">AEU</subfield></datafield><datafield ind1="1" ind2=" " tag="100"><subfield code="a">Smith-Lahrman, Matthew,</subfield><subfield code="d">1965-</subfield><subfield code="e">author.</subfield></datafield><datafield ind1="1" ind2="4" tag="245"><subfield code="a">The Meat Puppets and the lyrics of Curt Kirkwood from Meat Puppets II to No Joke! /</subfield><subfield code="c">Matthew Smith-Lahrman.</subfield></datafield><datafield ind1=" " ind2="1" tag="264"><subfield code="a">Lanham, Maryland :</subfield><subfield code="b">Rowman &amp; Littlefield,</subfield><subfield code="c">[2015]</subfield></datafield><datafield ind1=" " ind2=" " tag="300"><subfield code="a">ix, 283 pages ;</subfield><subfield code="c">24 cm</subfield></datafield><datafield ind1=" " ind2=" " tag="336"><subfield code="a">text</subfield><subfield code="2">rdacontent</subfield></datafield><datafield ind1=" " ind2=" " tag="337"><subfield code="a">unmediated</subfield><subfield code="2">rdamedia</subfield></datafield><datafield ind1=" " ind2=" " tag="338"><subfield code="a">volume</subfield><subfield code="2">rdacarrier</subfield></datafield><datafield ind1=" " ind2=" " tag="504"><subfield code="a">Includes bibliographical references and indexes.</subfield></datafield><datafield ind1=" " ind2=" " tag="596"><subfield code="a">16 43</subfield></datafield><datafield ind1="1" ind2="0" tag="600"><subfield code="a">Kirkwood, Curt</subfield><subfield code="x">Criticism and interpretation.</subfield></datafield><datafield ind1="2" ind2="0" tag="610"><subfield code="a">Meat Puppets (Musical group)</subfield></datafield><datafield ind1=" " ind2="0" tag="650"><subfield code="a">Rock music</subfield><subfield code="z">United States</subfield><subfield code="x">History and criticism.</subfield></datafield><datafield ind1=" " ind2=" " tag="949"><subfield code="a">ML 421 M426 S65 2015</subfield><subfield code="c">1</subfield><subfield code="h">UAAU-B</subfield><subfield code="i">0162035228335</subfield></datafield><datafield ind1=" " ind2=" " tag="926"><subfield code="a">ML 421 M426 S65 2015</subfield><subfield code="w">LC</subfield><subfield code="c">1</subfield><subfield code="i">0162035228335</subfield><subfield code="l">ON_SHELF</subfield><subfield code="m">UAAUG</subfield><subfield code="p">$150.00</subfield><subfield code="r">Y</subfield><subfield code="s">Y</subfield><subfield code="t">BOOK</subfield><subfield code="u">1/28/2015</subfield></datafield><datafield ind1=" " ind2=" " tag="926"><subfield code="a">ML 421 M426 S65 2015</subfield><subfield code="w">LC</subfield><subfield code="c">1</subfield><subfield code="i">0162035239936</subfield><subfield code="l">MUSIC</subfield><subfield code="m">UAHSS</subfield><subfield code="p">$150.00</subfield><subfield code="r">Y</subfield><subfield code="s">Y</subfield><subfield code="t">BOOK</subfield><subfield code="u">2/11/2015</subfield></datafield></record>